@misc{gao2023s3socialnetworksimulationlarge,
    title={S3: Social-network Simulation System with Large Language Model-Empowered Agents}, 
    author={Chen Gao and Xiaochong Lan and Zhihong Lu and Jinzhu Mao and Jinghua Piao and Huandong Wang and Depeng Jin and Yong Li},
    year={2023},
    eprint={2307.14984},
    archivePrefix={arXiv},
    primaryClass={cs.SI},
    url={https://arxiv.org/abs/2307.14984}, 
}

@misc{rossetti2024ysocialllmpoweredsocial,
    title={Y Social: an LLM-powered Social Media Digital Twin}, 
    author={Giulio Rossetti and Massimo Stella and Rémy Cazabet and Katherine Abramski and Erica Cau and Salvatore Citraro and Andrea Failla and Riccardo Improta and Virginia Morini and Valentina Pansanella},
    year={2024},
    eprint={2408.00818},
    archivePrefix={arXiv},
    primaryClass={cs.AI},
    url={https://arxiv.org/abs/2408.00818}, 
}

@misc{törnberg2023evaluate,
    title={Simulating Social Media Using Large Language Models to Evaluate Alternative News Feed Algorithms}, 
    author={Petter Törnberg and Diliara Valeeva and Justus Uitermark and Christopher Bail},
    year={2023},
    eprint={2310.05984},
    archivePrefix={arXiv},
    primaryClass={cs.SI},
    url={https://arxiv.org/abs/2310.05984}, 
}

@misc{liu2024tinyslipgiantleap,
    title={From a Tiny Slip to a Giant Leap: An LLM-Based Simulation for Fake News Evolution}, 
    author={Yuhan Liu and Zirui Song and Xiaoqing Zhang and Xiuying Chen and Rui Yan},
    year={2024},
    eprint={2410.19064},
    archivePrefix={arXiv},
    primaryClass={cs.SI},
    url={https://arxiv.org/abs/2410.19064}, 
}

@misc{chuang2024simulatingopiniondynamicsnetworks,
      title={Simulating Opinion Dynamics with Networks of LLM-based Agents}, 
      author={Yun-Shiuan Chuang and Agam Goyal and Nikunj Harlalka and Siddharth Suresh and Robert Hawkins and Sijia Yang and Dhavan Shah and Junjie Hu and Timothy T. Rogers},
      year={2024},
      eprint={2311.09618},
      archivePrefix={arXiv},
      primaryClass={physics.soc-ph},
      url={https://arxiv.org/abs/2311.09618}, 
}

@misc{statista2024twitter,
    author       = {{Statista Research Department}},
    title        = {Distribution of users on Twitter worldwide as of January 2024, by age group and gender},
    year         = {2024},
    url          = {https://www.statista.com/statistics/1498204/distribution-of-users-on-twitter-worldwide-age-and-gender/},
    note         = {Accessed on June 7, 2025}
}

@misc{pierri2023ita,
    title={ITA-ELECTION-2022: A multi-platform dataset of social media conversations around the 2022 Italian general election}, 
    author={Francesco Pierri and Geng Liu and Stefano Ceri},
    year={2023},
    eprint={2301.05119},
    archivePrefix={arXiv},
    primaryClass={cs.SI},
    url={https://arxiv.org/abs/2301.05119}, 
}

@inproceedings{Ye2018Opinion,
    author    = {Mengbin Ye and Ji Liu and Brian D. O. Anderson},
    title     = {Opinion Dynamics with State-Dependent Susceptibility to Influence},
    booktitle = {Proceedings of the 23rd International Symposium on Mathematical Theory of Networks and Systems (MTNS)},
    year      = {2018},
    url       = {https://mtns2018.hkust.edu.hk/media/files/0044.pdf}
}
